
@incollection{ATL,
	author = {,Krifka Yannick},
	booktitle = {Lecture notes of Anne Thomas},
	date-added = {2022-03-24 10:18:45 +0000},
	date-modified = {2022-04-11 10:53:12 +0100},
	publisher = {ETH Zurich},
	title = {Geometric and Topological Aspects of Coxeter Groups},
	year = {2016}}



@article{SHA,
	author = {Graeber, Marius and Schwer, Petra},
	date = {2020/03/01},
	date-added = {2023-02-19 16:55:40 +0000},
	date-modified = {2023-02-19 16:55:40 +0000},
	doi = {10.1007/s00026-019-00485-0},
	id = {Graeber2020},
	isbn = {0219-3094},
	journal = {Annals of Combinatorics},
	number = {1},
	pages = {119--147},
	title = {Shadows in Coxeter Groups},
	url = {https://doi.org/10.1007/s00026-019-00485-0},
	volume = {24},
	year = {2020},
	bdsk-url-1 = {https://doi.org/10.1007/s00026-019-00485-0}}


@misc{WILD,
  doi = {10.48550/ARXIV.2109.02293}, 
  url = {https://arxiv.org/abs/2109.02293},  
  author = {Schwer, Petra},  
  keywords = {Representation Theory (math.RT), Algebraic Geometry (math.AG), Combinatorics (math.CO), Group Theory (math.GR), History and Overview (math.HO), FOS: Mathematics, FOS: Mathematics, 20E42, 20G25, 11G25 (Primary), 05E10, 05E45, 14M15, 20G25, 51E24, 20F55, 20E42, 14L05 (Secondary)},  
  title = {Shadows in the wild -- folded galleries and their applications},  
  publisher = {arXiv},  
  year = {2021}, 
  copyright = {Creative Commons Attribution Share Alike 4.0 International}}


@book{RON,
	author = {Ronan, Mark},
	isbn = {012594750X, 9780125947503},
	publisher = {Academic Press},
	series = {Perspectives in mathematics},
	title = {Lectures on Buildings},
	volume = {7},
	year = {1989}}


@article{EVERITT,
  doi = {10.48550/ARXIV.1207.2266},
  url = {https://arxiv.org/abs/1207.2266},  
  author = {Everitt, Brent},  
  keywords = {Group Theory (math.GR), FOS: Mathematics, FOS: Mathematics}, 
  title = {A (very short) introduction to buildings},  
  publisher = {arXiv},  
  year = {2012}, 
  copyright = {arXiv.org perpetual, non-exclusive license}}

  