
@incollection{ATL,
	author = {Thomas, Anne},
	booktitle = {Lecture notes},
	date-added = {2022-03-24 10:18:45 +0000},
	date-modified = {2022-04-11 10:53:12 +0100},
	publisher = {ETH Zurich},
	title = {Geometric and Topological Aspects of Coxeter Groups},
	year = {2016}}



@article{SHA,
	author = {Graeber, Marius and Schwer, Petra},
	date = {2020/03/01},
	date-added = {2023-02-19 16:55:40 +0000},
	date-modified = {2023-02-19 16:55:40 +0000},
	doi = {10.1007/s00026-019-00485-0},
	id = {Graeber2020},
	isbn = {0219-3094},
	journal = {Annals of Combinatorics},
	number = {1},
	pages = {119--147},
	title = {Shadows in Coxeter Groups},
	url = {https://doi.org/10.1007/s00026-019-00485-0},
	volume = {24},
	year = {2020},
	bdsk-url-1 = {https://doi.org/10.1007/s00026-019-00485-0}}


@misc{WILD,
  doi = {10.48550/ARXIV.2109.02293}, 
  url = {https://arxiv.org/abs/2109.02293},  
  author = {Schwer, Petra},  
  keywords = {Representation Theory (math.RT), Algebraic Geometry (math.AG), Combinatorics (math.CO), Group Theory (math.GR), History and Overview (math.HO), FOS: Mathematics, FOS: Mathematics, 20E42, 20G25, 11G25 (Primary), 05E10, 05E45, 14M15, 20G25, 51E24, 20F55, 20E42, 14L05 (Secondary)},  
  title = {Shadows in the wild -- folded galleries and their applications},  
  publisher = {arXiv},  
  year = {2021}, 
  copyright = {Creative Commons Attribution Share Alike 4.0 International}}



@book {RON,
    AUTHOR = {Ronan, Mark},
     TITLE = {Lectures on buildings},
    SERIES = {Perspectives in Mathematics},
    VOLUME = {7},
 PUBLISHER = {Academic Press, Inc., Boston, MA},
      YEAR = {1989},
     PAGES = {xiv+201},
      ISBN = {0-12-594750-X},
   MRCLASS = {20-02 (11E57 51-02 51B25 57M05)},
  MRNUMBER = {1005533},
MRREVIEWER = {Guy Rousseau},
}

@article{EVERITT,
  doi = {10.48550/ARXIV.1207.2266},
  url = {https://arxiv.org/abs/1207.2266},  
  author = {Everitt, Brent},  
  keywords = {Group Theory (math.GR), FOS: Mathematics, FOS: Mathematics}, 
  title = {A (very short) introduction to buildings},  
  publisher = {arXiv},  
  year = {2012}, 
  copyright = {arXiv.org perpetual, non-exclusive license}}

@article {DEL,
    AUTHOR = {Mili\'{c}evi\'{c}, Elizabeth and Schwer, Petra and Thomas, Anne},
     TITLE = {Dimensions of affine {D}eligne-{L}usztig varieties: a new
              approach via labeled folded alcove walks and root operators},
   JOURNAL = {Mem. Amer. Math. Soc.},
  FJOURNAL = {Memoirs of the American Mathematical Society},
    VOLUME = {261},
      YEAR = {2019},
    NUMBER = {1260},
     PAGES = {v+101},
      ISSN = {0065-9266},
      ISBN = {978-1-4704-3676-6; 978-1-4704-5403-6},
   MRCLASS = {20G25 (05E10 05E14 14L30 20F55 51E24)},
  MRNUMBER = {4028964},
MRREVIEWER = {Dmitry A. Timash\"{e}v},
       DOI = {10.1090/memo/1260},
       URL = {https://doi.org/10.1090/memo/1260},
}



@inproceedings {TITS,
    AUTHOR = {Tits, J.},
     TITLE = {On buildings and their applications},
 BOOKTITLE = {Proceedings of the {I}nternational {C}ongress of
              {M}athematicians ({V}ancouver, {B}.{C}., 1974), {V}ol. 1},
     PAGES = {209--220},
 PUBLISHER = {Canad. Math. Congress, Montreal, Que.},
      YEAR = {1975},
   MRCLASS = {20G15},
  MRNUMBER = {0439945},
MRREVIEWER = {J. E. Humphreys},
}


@article {HL,
    AUTHOR = {Schwer, Christoph},
     TITLE = {Galleries, {H}all-{L}ittlewood polynomials, and structure
              constants of the spherical {H}ecke algebra},
   JOURNAL = {Int. Math. Res. Not.},
  FJOURNAL = {International Mathematics Research Notices},
      YEAR = {2006},
     PAGES = {Art. ID 75395, 31},
      ISSN = {1073-7928},
   MRCLASS = {22E50 (05E05 17B20 20C08)},
  MRNUMBER = {2264725},
MRREVIEWER = {Arun Ram},
       DOI = {10.1155/IMRN/2006/75395},
       URL = {https://doi.org/10.1155/IMRN/2006/75395},
}

@article {MVPOLY,
    AUTHOR = {Ehrig, Michael},
     TITLE = {M{V}-polytopes via affine buildings},
   JOURNAL = {Duke Math. J.},
  FJOURNAL = {Duke Mathematical Journal},
    VOLUME = {155},
      YEAR = {2010},
    NUMBER = {3},
     PAGES = {433--482},
      ISSN = {0012-7094},
   MRCLASS = {20G05 (14M15 17B10 20G44 22E46 52B99)},
  MRNUMBER = {2738580},
MRREVIEWER = {Guy Rousseau},
       DOI = {10.1215/00127094-2010-062},
       URL = {https://doi.org/10.1215/00127094-2010-062},
}

@misc{NAQVI,
  doi = {10.48550/ARXIV.1912.09911},
  url = {https://arxiv.org/abs/1912.09911}, 
  author = {Milićević, Elizabeth and Naqvi, Yusra and Schwer, Petra and Thomas, Anne},  
  keywords = {Representation Theory (math.RT), Combinatorics (math.CO), Group Theory (math.GR), FOS: Mathematics, FOS: Mathematics, 20E42, 05E10, 05E45, 14M15, 20G25, 51E24},  
  title = {A gallery model for affine flag varieties via chimney retractions},  
  publisher = {arXiv},  
  year = {2019},  
  copyright = {Creative Commons Attribution Non Commercial No Derivatives 4.0 International}
}


@article {LSGAL,
    AUTHOR = {Gaussent, S. and Littelmann, P.},
     TITLE = {L{S} galleries, the path model, and {MV} cycles},
   JOURNAL = {Duke Math. J.},
  FJOURNAL = {Duke Mathematical Journal},
    VOLUME = {127},
      YEAR = {2005},
    NUMBER = {1},
     PAGES = {35--88},
      ISSN = {0012-7094},
   MRCLASS = {20G05 (14M15 17B10 22E46 51E24)},
  MRNUMBER = {2126496},
MRREVIEWER = {Guy Rousseau},
       DOI = {10.1215/S0012-7094-04-12712-5},
       URL = {https://doi.org/10.1215/S0012-7094-04-12712-5},
}